
@Article{	  cappello:2014:toward,
  author	= {Franck Cappello and Al Geist and William Gropp and Sanjay
		  Kale and Bill Kramer and Marc Snir},
  title		= {Toward Exascale Resilience: 2014 update},
  journal	= {Supercomputing Frontiers and Innovations},
  volume	= {1},
  number	= {1},
  year		= {2014},
  issn		= {2313-8734},
  url		= {http://superfri.org/superfri/article/view/14}
}

@InProceedings{	  levy:2016:improving,
  title		= {Improving application resilience to memory errors with
		  lightweight compression},
  author	= {Levy, Scott and Ferreira, Kurt B and Bridges, Patrick G},
  booktitle	= {High Performance Computing, Networking, Storage and
		  Analysis, SC16: International Conference for},
  pages		= {323--334},
  year		= {2016},
  organization	= {IEEE}
}

@InProceedings{	  bronevetsky:2008:softerror,
  author	= {Bronevetsky, Greg and de Supinski, Bronis},
  title		= {Soft Error Vulnerability of Iterative Linear Algebra
		  Methods},
  booktitle	= {Proceedings of the 22nd Annual International Conference on
		  Supercomputing},
  year		= {2008},
  isbn		= {978-1-60558-158-3},
  pages		= {155--164},
  doi		= {10.1145/1375527.1375552},
  publisher	= {ACM},
  address	= {New York, NY, USA}
}

@InBook{	  berrocal:2016:exploring,
  author	= "Berrocal, Eduardo and Bautista-Gomez, Leonardo and Di,
		  Sheng and Lan, Zhiling and Cappello, Franck",
  editor	= "Dutot, Pierre-Fran{\c{c}}ois and Trystram, Denis",
  title		= "Exploring Partial Replication to Improve Lightweight
		  Silent Data Corruption Detection for HPC Applications",
  booktitle	= "Euro-Par 2016: Parallel Processing: 22nd International
		  Conference on Parallel and Distributed Computing, Grenoble,
		  France, August 24-26, 2016, Proceedings",
  year		= "2016",
  publisher	= "Springer International Publishing",
  address	= "Cham",
  pages		= "419--430",
  isbn		= "978-3-319-43659-3"
}

@InProceedings{	  subasi:2016:spatial,
  author	= {O. Subasi and S. Di and L. Bautista-Gomez and P.
		  Balaprakash and O. Unsal and J. Labarta and A. Cristal and
		  F. Cappello},
  booktitle	= {2016 16th IEEE/ACM International Symposium on Cluster,
		  Cloud and Grid Computing (CCGrid)},
  title		= {Spatial Support Vector Regression to Detect Silent Errors
		  in the Exascale Era},
  year		= {2016},
  pages		= {413-424},
  keywords	= {error detection;learning (artificial
		  intelligence);parallel processing;power aware
		  computing;regression analysis;storage management;support
		  vector machines;HPC applications;detection
		  sensitivity;energy budget goals;epsilon-insensitive support
		  vector machine regression;exascale era;false positive
		  rate;high-performance computing systems;low performance
		  overhead;low-memory-overhead SDC detector;memory
		  overhead;power budget goals;silent data corruptions;silent
		  error detection ability;silent errors;spatial
		  features;spatial support vector regression;training
		  data;Detectors;Interpolation;Kernel;Memory
		  management;Reliability;Support vector machines;Training
		  data;Exascale and HPC Systems;Fault-tolerance;Silent Data
		  Corruptions;Silent Errors;Support Vector Machines},
  doi		= {10.1109/CCGrid.2016.33},
  month		= {May}
}

@Misc{		  snl:mantevo,
  author	= {{Sandia National Laboratory}},
  title		= {Mantevo Project Home Page},
  month		= jan,
  year		= {2014},
  howpublished	= {\url{http://mantevo.org}}
}

@Article{	  heroux:2009:improving,
  title		= {Improving performance via mini-applications},
  author	= {Heroux, Michael A and Doerfler, Douglas W and Crozier,
		  Paul S and Willenbring, James M and Edwards, H Carter and
		  Williams, Alan and Rajan, Mahesh and Keiter, Eric R and
		  Thornquist, Heidi K and Numrich, Robert W},
  journal	= {Sandia National Laboratories, Tech. Rep},
  year		= {2009},
  publisher	= {Citeseer}
}

@InProceedings{	  de:2008:trace,
  title		= {A trace-driven emulation framework to predict scalability
		  of large clusters in presence of {OS} jitter},
  author	= {De, Pradipta and Kothari, Ravi and Mann, Vijay},
  booktitle	= {Cluster Computing, 2008 IEEE International Conference on},
  pages		= {232--241},
  year		= {2008},
  organization	= {IEEE}
}

@TechReport{	  karlin:2012:lulesh,
  author	= {Ian Karlin and Abhinav Bhatele and Bradford L. Chamberlain
		  and Jonathan Cohen and Zachary Devito and Maya Gokhale and
		  Riyaz Haque and Rich Hornung and Jeff Keasler and Dan Laney
		  and Edward Luke and Scott Lloyd and Jim McGraw and Rob
		  Neely and David Richards and Martin Schulz and Charle H.
		  Still and Felix Wang and Daniel Wong},
  title		= {{LULESH} Programming Model and Performance Ports
		  Overview},
  number	= {LLNL-TR-608824},
  institution	= {Lawrence Livermore National Laboratory},
  pages		= {1--17},
  year		= {2012},
  month		= {December}
}

@InProceedings{	  hertel:1993:cth,
  author	= {E. S. Hertel,Jr. and R. L. Bell and M. G. Elrick and A. V.
		  Farnsworth and G. I. Kerley and J. M. McGlaun and S. V.
		  Petney and S. A. Silling and P. A. Taylor and L.
		  Yarrington},
  title		= {{CTH}: A Software Family for Multi-Dimensional Shock
		  Physics Analysis},
  booktitle	= {Proceedings of the 19th Intl. Symp. on Shock Waves},
  month		= jul,
  year		= {1993},
  pages		= {377--382}
}

@InProceedings{	  engelmann:2013:investigating,
  title		= {Investigating operating system noise in extreme-scale
		  high-performance computing systems using simulation},
  author	= {Engelmann, Christian},
  booktitle	= {Proceedings of the 11th IASTED International Conference on
		  Parallel and Distributed Computing and Networks ({PDCN})
		  2013},
  pages		= {11--13},
  year		= {2013}
}

@InProceedings{		  widener:2016:horseshoes,
  title		= {Horseshoes and Hand Grenades: The Case for Approximate
		  Coordination in Local Checkpointing Protocols},
  author	= {Patrick M. Widener and Kurt B. Ferreira and Scott L. Levy},
  booktitle	= {Proceedings of the 9th Workshop on Resiliency in High
		  Performance Computing {Resilience} in Clusters, Clouds, and
		  Grids.},
  publisher     = {Springer International},
  month         = {August},
  year          = 2016,
  address       = {Grenoble, France},
}

@InProceedings{	  levy:2016:examination,
  author	= {Scott Levy and Kurt Ferreira},
  title		= {An Examination of the Impact of the Failure Distribution
		  on Coordinated Checkpoint/Restart},
  booktitle	= { $7^{th}$ International Workshop on Fault-Tolerance for
		  HPC at Extreme Scale (FTXS 2016) },
  month		= {June},
  year		= {2016},
  address	= {Kyoto, Japan}
}

@Article{	  abali:2001:mxt,
  title		= {Memory expansion technology {(MXT)}: software support and
		  performance},
  author	= {Abali, B{\"u}lent and Franke, Hubertus and Poff, Dan E and
		  Saccone Jr, Robert A and Schulz, Charles O and Herger,
		  Lorraine M and Smith, T Basil},
  journal	= {IBM Journal of Research and Development},
  volume	= {45},
  number	= {2},
  pages		= {287--301},
  year		= {2001},
  publisher	= {IBM}
}

@InProceedings{	  agarwal:2004:adaptive,
  title		= {Adaptive incremental checkpointing for massively parallel
		  systems},
  author	= {Agarwal, Saurabh and Garg, Rahul and Gupta, Meeta S. and
		  Moreira, Jose E.},
  booktitle	= {Proceedings of the 18th Annual International Conference on
		  Supercomputing},
  pages		= {277--286},
  year		= {2004},
  organization	= {ACM}
}

@Misc{		  ahern:2011:scientific,
  title		= {Scientific discovery at the exascale: report from the {DOE
		  ASCR} 2011 workshop on exascale data management, analysis,
		  and visualization},
  author	= {Ahern, Sean and Shoshani, Arie and Ma, Kwan-Liu and
		  Choudhary, Alok and Critchlow, Terence and Klasky, Scott
		  and Pascucci, Valerio and Ahrens, Jim and Bethel, Wes and
		  Childs, Hank and others},
  year		= {2011}
}

@Article{	  alvisi:1998:message,
  title		= {Message logging: Pessimistic, optimistic, causal, and
		  optimal},
  author	= {Alvisi, Lorenzo and Marzullo, Keith},
  journal	= {Software Engineering, IEEE Transactions on},
  volume	= {24},
  number	= {2},
  pages		= {149--159},
  year		= {1998},
  publisher	= {IEEE}
}

@InProceedings{	  alvisi:1999:analysis,
  author	= {Alvisi, Lorenzo and Elnozahy, Elmootazbellah N. and Rao,
		  Sriram and Husain, Syed Amir and de Mel, Asanka},
  booktitle	= {Fault-Tolerant Computing, 1999. Digest of Papers.
		  Twenty-Ninth Annual International Symposium on},
  title		= {An analysis of communication induced checkpointing},
  year		= {1999},
  pages		= {242-249},
  doi		= {10.1109/FTCS.1999.781058},
  issn		= {0731-3071}
}

@InProceedings{	  amdahl:1967:law,
  author	= {Amdahl, Gene M.},
  title		= {Validity of the single processor approach to achieving
		  large scale computing capabilities},
  booktitle	= {Proceedings of the April 18-20, 1967, Spring Joint
		  Computer Conference},
  series	= {AFIPS '67 (Spring)},
  year		= {1967},
  pages		= {483--485},
  url		= {http://doi.acm.org/10.1145/1465482.1465560},
  doi		= {10.1145/1465482.1465560},
  publisher	= {ACM},
  address	= {New York, NY, USA}
}

@InProceedings{	  arcangeli:2009:ksm,
  author	= {Arcangeli, Andrea and Eidus, Izik and Wright, Chris},
  title		= {Increasing memory density by using {KSM}},
  booktitle	= {Proceedings of the Linux Symposium, 2009, Montreal,
		  Quebec},
  year		= {2009},
  pages		= {19-28}
}

@TechReport{	  ascac2014topten,
  author	= {ASCAC Subcommittee for the Top Ten Exascale Research
		  Challenges},
  title		= {Top Ten Exascale Research Challenges},
  month		= {February},
  year		= {2014},
  institution	= {United States Department of Energy},
  organization	= {Office of Advanced Scientific Computing Research},
  url		= {http://science.energy.gov/~/media/ascr/ascac/pdf/meetings/20140210/Top10reportFEB14.pdf}
}

@Article{	  ashby:2010:opportunities,
  title		= {The opportunities and challenges of exascale computing},
  author	= {Ashby, Steve and Beckman, Pete and Chen, Jackie and
		  Colella, Phil and Collins, Bill and Crawford, Dona and
		  Dongarra, Jack and Kothe, Doug and Lusk, Rusty and Messina,
		  Paul and others},
  journal	= {Summary Report of the Advanced Scientific Computing
		  Advisory Committee (ASCAC) Subcommittee},
  pages		= {1--77},
  year		= {2010}
}

@Article{	  aupy:2014:faultprediction,
  title		= {Checkpointing algorithms and fault prediction},
  author	= {Aupy, Guillaume and Robert, Yves and Vivien,
		  Fr{\'e}d{\'e}ric and Zaidouni, Dounia},
  journal	= {Journal of Parallel and Distributed Computing},
  volume	= {74},
  number	= {2},
  pages		= {2048--2064},
  year		= {2014},
  publisher	= {Elsevier}
}

@Article{	  avizienis:1986:dependable,
  title		= {Dependable computing: From concepts to design diversity},
  author	= {Avizienis, Algirdas and Laprie, Jean-Claude},
  journal	= {Proceedings of the IEEE},
  volume	= {74},
  number	= {5},
  pages		= {629--638},
  year		= {1986},
  publisher	= {IEEE}
}

@InProceedings{	  barker:2012:empirical,
  title		= {An empirical study of memory sharing in virtual machines},
  author	= {Barker, S. and Wood, T. and Shenoy, P. and Sitaraman, R.},
  booktitle	= {Proceedings of the 2012 USENIX conference on Annual
		  Technical Conference},
  pages		= {25--25},
  year		= {2012},
  organization	= {USENIX Association}
}

@Article{	  batchu:2004:mpi/ft,
  title		= {{MPI/FT}: A Model-Based Approach to Low-Overhead Fault
		  Tolerant Message-Passing Middleware},
  author	= {Rajanikanth Batchu and Yiogonder S. Dandass and Anthony
		  Skjellum and Murali Beddhu},
  journal	= {Cluster Computing},
  year		= {2004},
  month		= {Jan.},
  volume	= {7},
  number	= {4},
  pages		= {303--315}
}

@InProceedings{	  beckman:2006:influence,
  title		= {The influence of operating systems on the performance of
		  collective operations at extreme scale},
  author	= {Beckman, Pete and Iskra, Kamil and Yoshii, Kazutomo and
		  Coghlan, Susan},
  booktitle	= {Cluster Computing, 2006 IEEE International Conference on},
  pages		= {1--12},
  year		= {2006},
  organization	= {IEEE}
}

@InProceedings{	  bent:2009:plfs,
  title		= {{PLFS}: a checkpoint filesystem for parallel
		  applications},
  author	= {Bent, John and Gibson, Garth and Grider, Gary and
		  McClelland, Ben and Nowoczynski, Paul and Nunez, James and
		  Polte, Milo and Wingate, Meghan},
  booktitle	= {Proceedings of the Conference on High Performance
		  Computing Networking, Storage and Analysis},
  pages		= {21},
  year		= {2009},
  organization	= {ACM}
}

@InProceedings{	  bent:2012:storage,
  title		= {Storage challenges at {Los Alamos National Lab}},
  author	= {Bent, John and Grider, Gary and Kettering, Brett and
		  Manzanares, Adam and McClelland, Meghan and Torres, Aaron
		  and Torrez, Alfred},
  booktitle	= {Mass Storage Systems and Technologies (MSST), 2012 IEEE
		  28th Symposium on},
  pages		= {1--5},
  year		= {2012},
  organization	= {IEEE}
}

@InProceedings{	  berrocal:2015:lightweight,
  author	= {Berrocal, Eduardo and Bautista-Gomez, Leonardo and Di,
		  Sheng and Lan, Zhiling and Cappello, Franck},
  title		= {Lightweight Silent Data Corruption Detection Based on
		  Runtime Data Analysis for {HPC} Applications},
  booktitle	= {Proceedings of the 24th International Symposium on
		  High-Performance Parallel and Distributed Computing},
  series	= {HPDC '15},
  year		= {2015},
  isbn		= {978-1-4503-3550-8},
  pages		= {275--278},
  url		= {http://doi.acm.org/10.1145/2749246.2749253},
  doi		= {10.1145/2749246.2749253}
}

@Article{	  biswas:2009:multi,
  title		= {Multi-execution: multicore caching for data-similar
		  executions},
  author	= {Biswas, S. and Franklin, D. and Savage, A. and Dixon, R.
		  and Sherwood, T. and Chong, F.T.},
  booktitle	= {ACM SIGARCH Computer Architecture News},
  volume	= {37},
  number	= {3},
  pages		= {164--173},
  year		= {2009},
  organization	= {ACM}
}

@InProceedings{	  biswas:2011:datasim,
  author	= {Biswas, Susmit and Supinski, Bronis R. de and Schulz,
		  Martin and Franklin, Diana and Sherwood, Timothy and Chong,
		  Frederic T.},
  title		= {Exploiting Data Similarity to Reduce Memory Footprints},
  booktitle	= {Proceedings of the 2011 IEEE International Parallel \&
		  Distributed Processing Symposium},
  series	= {IPDPS '11},
  year		= {2011},
  pages		= {152--163},
  publisher	= {IEEE Computer Society},
  address	= {Washington, DC, USA}
}

@InProceedings{	  bohm:2011:xsim,
  title		= {{xSim}: The extreme-scale simulator},
  author	= {B{\"o}hm, Swen and Engelmann, Christian},
  booktitle	= {High Performance Computing and Simulation (HPCS), 2011
		  International Conference on},
  pages		= {280--286},
  year		= {2011},
  organization	= {IEEE}
}

@InProceedings{	  borkar:2010:exascale,
  title		= {The exascale challenge},
  author	= {Borkar, Shekhar},
  booktitle	= {VLSI Design Automation and Test (VLSI-DAT), 2010
		  International Symposium on},
  pages		= {2--3},
  year		= {2010},
  organization	= {IEEE}
}

@Article{	  bosilca:2014:unified,
  title		= {Unified model for assessing checkpointing protocols at
		  extreme-scale},
  author	= {Bosilca, George and Bouteiller, Aur{\'e}lien and Brunet,
		  Elisabeth and Cappello, Franck and Dongarra, Jack and
		  Guermouche, Amina and Herault, Thomas and Robert, Yves and
		  Vivien, Fr{\'e}d{\'e}ric and Zaidouni, Dounia},
  journal	= {Concurrency and Computation: Practice and Experience},
  volume	= {26},
  number	= {17},
  pages		= {2772--2791},
  year		= {2014},
  publisher	= {Wiley Online Library}
}

@InProceedings{	  boteanu:2010:simulator,
  title		= {Simulator for fault tolerance in large scale distributed
		  systems},
  author	= {Boteanu, Adrian and Dobre, Ciprian and Pop, Florin and
		  Cristea, Valentin},
  booktitle	= {Intelligent Computer Communication and Processing (ICCP),
		  2010 IEEE International Conference on},
  pages		= {443--450},
  year		= {2010},
  organization	= {IEEE}
}

@InCollection{	  bouguerra:2010:flexible,
  title		= {A flexible checkpoint/restart model in distributed
		  systems},
  author	= {Bouguerra, Mohamed-Slim and Gautier, Thierry and Trystram,
		  Denis and Vincent, Jean-Marc},
  booktitle	= {Parallel Processing and Applied Mathematics},
  pages		= {206--215},
  year		= {2010},
  publisher	= {Springer}
}

@InProceedings{	  bouguerra:2013:improving,
  title		= {Improving the computing efficiency of {HPC} systems using
		  a combination of proactive and preventive checkpointing},
  author	= {Bouguerra, Mohamed-Slim and Gainaru, Ana and Gomez,
		  Leonardo Bautista and Cappello, Franck and Matsuoka,
		  Satoshi and Maruyama, Naoya},
  booktitle	= {Parallel \& Distributed Processing (IPDPS), 2013 IEEE 27th
		  International Symposium on},
  pages		= {501--512},
  year		= {2013},
  organization	= {IEEE}
}

@InCollection{	  bouteiller:2011:correlated,
  title		= {Correlated set coordination in fault tolerant message
		  logging protocols},
  author	= {Bouteiller, Aurelien and Herault, Thomas and Bosilca,
		  George and Dongarra, Jack},
  booktitle	= {Euro-Par 2011 Parallel Processing},
  pages		= {51--64},
  year		= {2011},
  publisher	= {Springer}
}

@InProceedings{	  briatico:1984:distributed,
  title		= {A Distributed domino-effect free recovery algorithm.},
  author	= {Briatico, Daniele and Ciuffoletti, Augusto and Simoncini,
		  Luca},
  booktitle	= {Symposium on Reliability in Distributed Software and
		  Database Systems},
  volume	= {84},
  pages		= {207--215},
  year		= {1984}
}

@InProceedings{	  bridges:2012:cooperative,
  title		= {Cooperative application/{OS} {DRAM} fault recovery},
  author	= {Bridges, Patrick G. and Hoemmen, Mark and Ferreira, Kurt
		  B. and Heroux, Michael A. and Soltero, Philip and
		  Brightwell, Ron},
  booktitle	= {Euro-Par 2011: Parallel Processing Workshops},
  pages		= {241--250},
  year		= {2012},
  organization	= {Springer}
}

@InProceedings{	  brightwell:2008:smartmap,
  title		= {{SMARTMAP}: operating system support for efficient data
		  sharing among processes on a multi-core processor},
  author	= {Brightwell, Ron and Pedretti, Kevin and Hudson, Trammell},
  booktitle	= {Proceedings of the 2008 ACM/IEEE conference on
		  Supercomputing},
  pages		= {25},
  year		= {2008},
  organization	= {IEEE Press}
}

@InProceedings{	  bronevetsky:2009:compiler,
  author	= {Greg Bronevetsky and Daniel Marques and Keshav Pingali and
		  Sally McKee and Radu Rugina},
  title		= {Compiler-enhanced incremental checkpointing for {OpenMP}
		  applications},
  booktitle	= {IEEE International Symposium on Parallel\&Distributed
		  Processing},
  year		= {2009},
  pages		= {1--12},
  url		= {http://portal.acm.org/citation.cfm?id=1586640.1587642},
  isbn		= {978-1-4244-3751-1},
  numpages	= {12},
  doi		= {10.1109/IPDPS.2009.5160999},
  acmid		= {1587642}
}

@Article{	  bugnion:1997:disco,
  author	= {Bugnion, Edouard and Devine, Scott and Govil, Kinshuk and
		  Rosenblum, Mendel},
  title		= {Disco: running commodity operating systems on scalable
		  multiprocessors},
  journal	= {ACM Trans. Comput. Syst.},
  volume	= {15},
  number	= {4},
  month		= nov,
  year		= {1997},
  pages		= {412--447},
  publisher	= {ACM},
  address	= {New York, NY, USA}
}

@Article{	  cappello:2009:fault,
  title		= {Fault tolerance in petascale/exascale systems: Current
		  knowledge, challenges and research opportunities},
  author	= {Cappello, Franck},
  journal	= {International Journal of High Performance Computing
		  Applications},
  volume	= {23},
  number	= {3},
  pages		= {212--226},
  year		= {2009},
  publisher	= {Sage Publications}
}

@InProceedings{	  cappello:2010:checkpointingvs,
  title		= {Checkpointing vs. migration for post-petascale
		  supercomputers},
  author	= {Cappello, Franck and Casanova, Henri and Robert, Yves},
  booktitle	= {Parallel Processing (ICPP), 2010 39th International
		  Conference on},
  pages		= {168--177},
  year		= {2010},
  organization	= {IEEE}
}

@InProceedings{	  cappello:2010:communication,
  title		= {On communication determinism in parallel {HPC}
		  applications},
  author	= {Cappello, Franck and Guermouche, Amina and Snir, Marc},
  booktitle	= {Computer Communications and Networks (ICCCN), 2010
		  Proceedings of 19th International Conference on},
  pages		= {1--8},
  year		= {2010},
  organization	= {IEEE}
}

@InProceedings{	  casas:2012:fault,
  author	= {Casas, Marc and de Supinski, Bronis R. and Bronevetsky,
		  Greg and Schulz, Martin},
  title		= {Fault Resilience of the Algebraic Multi-grid Solver},
  booktitle	= {Proceedings of the 26th ACM International Conference on
		  Supercomputing},
  series	= {ICS '12},
  year		= {2012},
  isbn		= {978-1-4503-1316-2},
  pages		= {91--100},
  url		= {http://doi.acm.org/10.1145/2304576.2304590},
  doi		= {10.1145/2304576.2304590},
  acmid		= {2304590},
  publisher	= {ACM},
  address	= {New York, NY, USA}
}

@Article{	  chakravorty:2006:proactive,
  title		= {Proactive Fault Tolerance in MPI Applications via Task
		  Migration},
  volume	= {4297},
  url		= {http://www.springerlink.com/index/9Q840U6310467255.pdf},
  journal	= {Strategy},
  publisher	= {Springer},
  author	= {Chakravorty, Sayantan and Mendes, Celso and Kalé,
		  Laxmikant},
  year		= {2006},
  pages		= {485–496}
}

@InProceedings{	  chandra:2008:softerror,
  title		= {Impact of technology and voltage scaling on the soft error
		  susceptibility in nanoscale {CMOS}},
  author	= {Chandra, V. and Aitken, R.},
  booktitle	= {Defect and Fault Tolerance of VLSI Systems, 2008.
		  DFTVS'08. IEEE International Symposium on},
  pages		= {114--122},
  year		= {2008},
  organization	= {IEEE}
}

@Article{	  chandy:1985:distributed,
  title		= {Distributed snapshots: determining global states of
		  distributed systems},
  author	= {Chandy, K. Mani and Lamport, Leslie},
  journal	= {ACM Transactions on Computer Systems (TOCS)},
  volume	= {3},
  number	= {1},
  pages		= {63--75},
  year		= {1985},
  publisher	= {ACM}
}

@InProceedings{	  chen:2006:algorithm-based,
  author	= {Zizhong Chen and Dongarra, Jack},
  booktitle	= {Parallel and Distributed Processing Symposium, 2006. IPDPS
		  2006. 20th International},
  title		= {Algorithm-based checkpoint-free fault tolerance for
		  parallel matrix computations on volatile resources},
  year		= {2006},
  month		= {april},
  doi		= {10.1109/IPDPS.2006.1639333},
  issn		= {}
}

@InProceedings{	  chen:2008:extending,
  author	= {Zizhong Chen},
  title		= {Extending algorithm-based fault tolerance to tolerate
		  fail-stop failures in high performance distributed
		  environments},
  booktitle	= {Parallel and Distributed Processing Symposium, 2008. IPDPS
		  2008. 22nd International},
  year		= {2008},
  pages		= {1-8},
  ee		= {http://dx.doi.org/10.1109/IPDPS.2008.4536158},
  crossref	= {ipdps:2008}
}

@Article{	  chen:2009:terascale,
  title		= {Terascale direct numerical simulations of turbulent
		  combustion using {S3D}},
  author	= {Chen, Jacqueline H. and Choudhary, Alok and De Supinski,
		  Bronis and DeVries, Matthew and Hawkes, Evatt R. and
		  Klasky, Scott and Liao, Wei-Keng and Ma, Kwan-Liu and
		  Mellor-Crummey, John and Podhorszki, Norbert and others},
  journal	= {Computational Science \& Discovery},
  volume	= {2},
  number	= {1},
  pages		= {015001},
  year		= {2009},
  publisher	= {IOP Publishing}
}

@InProceedings{	  chung:2012:containment,
  title		= {Containment domains: A scalable, efficient, and flexible
		  resilience scheme for exascale systems},
  author	= {Chung, Jinsuk and Lee, Ikhwan and Sullivan, Michael and
		  Ryoo, Jee Ho and Kim, Dong Wan and Yoon, Doe Hyun and
		  Kaplan, Larry and Erez, Mattan},
  booktitle	= {High Performance Computing, Networking, Storage and
		  Analysis (SC), 2012 International Conference for},
  pages		= {1--11},
  year		= {2012},
  organization	= {IEEE}
}

@InProceedings{	  culler:1993:logp,
  author	= {Culler, David and Karp, Richard and Patterson, David and
		  Sahay, Abhijit and Schauser, Klaus Erik and Santos, Eunice
		  and Subramonian, Ramesh and von Eicken, Thorsten},
  title		= {{LogP}: Towards a Realistic Model of Parallel
		  Computation},
  booktitle	= {Proceedings of the Fourth ACM SIGPLAN Symposium on
		  Principles and Practice of Parallel Programming},
  series	= {PPOPP '93},
  year		= {1993},
  isbn		= {0-89791-589-5},
  pages		= {1--12},
  url		= {http://doi.acm.org/10.1145/155332.155333},
  doi		= {10.1145/155332.155333},
  publisher	= {ACM},
  address	= {New York, NY, USA}
}

@Article{	  daly:2006:higher,
  author	= {Daly, John T.},
  title		= {A higher order estimate of the optimum checkpoint interval
		  for restart dumps},
  journal	= {Future Generation Computing Systems},
  year		= {2006},
  volume	= {22},
  number	= {3},
  pages		= {303--312},
  issn		= {0167-739X},
  doi		= {http://dx.doi.org/10.1016/j.future.2004.11.016}
}

@Article{	  debardeleben:2009:high,
  title		= {High-end computing resilience: Analysis of issues facing
		  the {HEC} community and path-forward for research and
		  development},
  author	= {DeBardeleben, Nathan and Laros, James and Daly, John T.
		  and Scott, Stephen L. and Engelmann, Christian and Harrod,
		  Bill},
  journal	= {Whitepaper, Dec},
  year		= {2009}
}

@Article{	  dell:1997:chipkill,
  title		= {A white paper on the benefits of chipkill-correct {ECC}
		  for {PC} server main memory},
  author	= {Dell, Timothy J},
  journal	= {IBM Microelectronics Division},
  pages		= {1--23},
  year		= {1997}
}

@InProceedings{	  dong:2009:leveraging,
  author	= {Dong, Xiangyu and Muralimanohar, Naveen and Jouppi, Norm
		  and Kaufmann, Richard and Xie, Yuan},
  title		= {Leveraging {3D PCRAM} technologies to reduce checkpoint
		  overhead for future exascale systems},
  booktitle	= {Proceedings of the Conference on High Performance
		  Computing Networking, Storage and Analysis},
  series	= {SC '09},
  year		= {2009},
  isbn		= {978-1-60558-744-8},
  pages		= {57:1--57:12},
  url		= {http://doi.acm.org/10.1145/1654059.1654117},
  doi		= {10.1145/1654059.1654117},
  acmid		= {1654117},
  publisher	= {ACM},
  address	= {New York, NY, USA}
}

@Article{	  dongarra:2011:roadmap,
  author	= {Dongarra et al, Jack},
  title		= {The International Exascale Software Project roadmap},
  year		= {2011},
  doi		= {10.1177/1094342010391989},
  url		= {http://hpc.sagepub.com/content/early/2011/01/04/1094342010391989.abstract},
  eprint	= {http://hpc.sagepub.com/content/early/2011/01/04/1094342010391989.full.pdf+html},
  journal	= {International Journal of High Performance Computing
		  Applications}
}

@InProceedings{	  dongarra:2013:revisiting,
  title		= {Revisiting the double checkpointing algorithm},
  author	= {Dongarra, Jack and Herault, Thomas and Robert, Yves},
  booktitle	= {Parallel and Distributed Processing Symposium Workshops \&
		  PhD Forum (IPDPSW), 2013 IEEE 27th International},
  pages		= {706--715},
  year		= {2013},
  organization	= {IEEE}
}

@InProceedings{	  elliott:2012:combining,
  author	= {James Elliott and Kishor Kharbas and David Fiala and Frank
		  Mueller and Kurt B.~Ferreira and Christian Engelmann},
  title		= {Combining Partial Redundancy and Checkpointing for {HPC}},
  booktitle	= {Proceedings of the $32^{nd}$ International Conference on
		  Distributed Computing Systems (ICDCS) 2012},
  pages		= {615-626},
  month		= jun # "~18-21, ",
  year		= {2012},
  publisher	= {IEEE Computer Society, Los Alamitos, CA, USA},
  isbn		= {978-0-7695-4685-8},
  issn		= {1063-6927},
  doi		= {http://dx.doi.org/10.1109/ICDCS.2012.56}
}

@InProceedings{	  elnozahy:1994:use,
  title		= {On the use and implementation of message logging},
  author	= {Elnozahy, Elmootazbellah N. and Zwaenepoel, Willy},
  booktitle	= {Fault-Tolerant Computing, 1994. FTCS-24. Digest of
		  Papers., Twenty-Fourth International Symposium on},
  pages		= {298--307},
  year		= {1994},
  organization	= {IEEE}
}

@Article{	  elnozahy:2002:survey,
  author	= {Elmootazbellah N. Elnozahy and Lorenzo Alvisi and Yi-Min
		  Wang and David B. Johnson},
  title		= {A Survey of Rollback-recovery Protocols in Message-passing
		  Systems},
  journal	= {ACM Computing Surveys},
  year		= {2002},
  address	= {New York, NY},
  volume	= {34},
  number	= {3},
  pages		= {375--408},
  publisher	= {ACM Press},
  doi		= {http://doi.acm.org/10.1145/568522.568525},
  issn		= {0360-0300}
}

@Article{	  elnozahy:2004:checkpointing,
  title		= {Checkpointing for peta-scale systems: A look into the
		  future of practical rollback-recovery},
  author	= {Elnozahy, Elmootazbellah N. and Plank, James S.},
  journal	= {Dependable and Secure Computing, IEEE Transactions on},
  volume	= {1},
  number	= {2},
  pages		= {97--108},
  year		= {2004},
  publisher	= {IEEE}
}

@InProceedings{	  engelmann:2011:redundant,
  title		= {Redundant execution of {HPC} applications with {MR-MPI}},
  author	= {Engelmann, Christian and B{\"o}hm, Swen},
  booktitle	= {Proceedings of the 10th IASTED International Conference on
		  Parallel and Distributed Computing and Networks (PDCN)},
  pages		= {15--17},
  year		= {2011}
}

@InProceedings{	  fagg:2005:scalable,
  author	= {Graham E. Fagg and Thara Angskun and George Bosilca and
		  Jelena Pjesivac-Grbovic and Jack Dongarra},
  title		= {Scalable Fault Tolerant MPI: Extending the Recovery
		  Algorithm},
  booktitle	= {PVM/MPI},
  year		= {2005},
  pages		= {67-75},
  ee		= {http://dx.doi.org/10.1007/11557265_13},
  crossref	= {conf:pvm:2005},
  bibsource	= {DBLP, http://dblp.uni-trier.de}
}

@InProceedings{	  feldman:1988:igor,
  title		= {Igor: A system for program debugging via reversible
		  execution},
  author	= {Feldman, Stuart I. and Brown, Channing B.},
  booktitle	= {ACM SIGPLAN Notices},
  volume	= {24},
  number	= {1},
  pages		= {112--123},
  year		= {1988},
  organization	= {ACM}
}

@InProceedings{	  ferreira:2008:characterizing,
  title		= {Characterizing application sensitivity to OS interference
		  using kernel-level noise injection},
  author	= {Ferreira, Kurt B. and Bridges, Patrick and Brightwell,
		  Ron},
  booktitle	= {Proceedings of the 2008 ACM/IEEE conference on
		  Supercomputing},
  pages		= {19},
  year		= {2008},
  organization	= {IEEE Press}
}

@Article{	  ferreira:2011:libhashckpt,
  title		= {libhashckpt: hash-based incremental checkpointing using
		  {GPU}s},
  author	= {Ferreira, Kurt B. and Riesen, Rolf and Brighwell, Rolf and
		  Bridges, Patrick G. and Arnold, Dorian},
  journal	= {Recent Advances in the Message Passing Interface},
  pages		= {272--281},
  year		= {2011},
  publisher	= {Springer}
}

@InProceedings{	  ferreira:2011:evaluating,
  author	= {Kurt Ferreira and Rolf Riesen and Jon Stearley and James
		  H. Laros III and Ron Oldfield and Kevin Pedretti and
		  Patrick Bridges and Dorian Arnold and Ron Brightwell },
  title		= {Evaluating the Viability of Process Replication
		  Reliability for Exascale Systems},
  booktitle	= {Proceedings of the {ACM/IEEE} International Conference on
		  High Performance Computing, Networking, Storage, and
		  Analysis, ({SC11})},
  year		= {2011},
  month		= {Nov}
}

@InProceedings{	  ferreira:2012:os,
  title		= {Evaluating operating system vulnerability to memory
		  errors},
  author	= {Ferreira, Kurt B. and Pedretti, Kevin and Brightwell, Ron
		  and Bridges, Patrick G. and Fiala, David and Mueller,
		  Frank},
  booktitle	= {Proceedings of the 2nd International Workshop on Runtime
		  and Operating Systems for Supercomputers},
  pages		= {11},
  year		= {2012},
  organization	= {ACM}
}

@InProceedings{	  ferreira:2014:understanding,
  title		= {Understanding the effects of communication and
		  coordination on checkpointing at scale},
  author	= {Ferreira, Kurt B. and Levy, Scott and Widener, Patrick and
		  Arnold, Dorian and Hoefler, Torsten},
  booktitle	= {Proceedings of the International Conference for High
		  Performance Computing, Networking, Storage and Analysis
		  ({SC14})},
  pages		= {883--894},
  year		= {2014},
  organization	= {IEEE Press}
}

@InProceedings{	  fiala:2011:tunable,
  author	= {David Fiala and Kurt B. Ferreira and Frank Mueller and
		  Christian Engelmann},
  title		= {A Tunable, Software-based {DRAM} Error Detection and
		  Correction Library for {HPC}},
  booktitle	= {Lecture Notes in Computer Science: Proceedings of the
		  European Conference on Parallel and Distributed Computing
		  (Euro-Par) 2011: Workshop on Resiliency in High Performance
		  Computing (Resilience) in Clusters, Clouds, and Grids},
  month		= {Aug},
  year		= {2011},
  address	= {Bordeaux, France},
  publisher	= {Springer Verlag, Berlin, Germany}
}

@InProceedings{	  fiala:2012:redmpi,
  title		= {Detection and correction of silent data corruption for
		  large-scale high-performance computing},
  author	= {Fiala, David and Mueller, Frank and Engelmann, Christian
		  and Riesen, Rolf and Ferreira, Kurt and Brightwell, Ron},
  booktitle	= {Proceedings of the International Conference on High
		  Performance Computing, Networking, Storage and Analysis
		  ({SC12})},
  year		= {2012},
  organization	= {IEEE Computer Society Press}
}

@InProceedings{	  fiala:2012:detection,
  author	= {David Fiala and Frank Mueller and Christian Engelmann and
		  Kurt B.~Ferreira and Ron Brightwell and Rolf Riesen},
  title		= {Detection and Correction of Silent Data Corruption for
		  Large-Scale High-Performance Computing},
  booktitle	= {Proceedings of the $25^{th}$ IEEE/ACM International
		  Conference on High Performance Computing, Networking,
		  Storage and Analysis ({SC12})},
  pages		= {78:1--78:12},
  month		= nov # {~10-16, },
  year		= {2012},
  address	= {Salt Lake City, UT, USA},
  publisher	= {ACM Press, New York, NY, USA},
  isbn		= {978-1-4673-0804-5}
}

@TechReport{	  fiala:2014:flipsphere,
  title		= {{FlipSphere}: A Software-based {DRAM} Error Detection and
		  Correction Library for {HPC}},
  author	= { David Fiala and Kurt B.~Ferreira and Frank Mueller },
  month		= {Feb.},
  institution	= {Sandia National Laboratories},
  year		= {2014},
  type		= {Technical Report},
  number	= {{SAND2014}-0438C}
}

@InProceedings{	  fu:2007:exploring,
  title		= {Exploring event correlation for failure prediction in
		  coalitions of clusters},
  author	= {Fu, Song and Xu, Cheng-Zhong},
  booktitle	= {Supercomputing, 2007. SC'07. Proceedings of the 2007
		  ACM/IEEE Conference on},
  pages		= {1--12},
  year		= {2007},
  organization	= {IEEE}
}

@InProceedings{	  fulp:2008:predicting,
  address	= {Berkeley, CA, USA},
  author	= {Fulp, Errin W. and Fink, Glenn A. and Haack, Jereme N.},
  booktitle	= {Proceedings of the First USENIX conference on Analysis of
		  system logs},
  pages		= {5--5},
  publisher	= {USENIX Association},
  series	= {WASL'08},
  title		= {Predicting computer system failures using support vector
		  machines},
  year		= {2008}
}

@InProceedings{	  gainaru:2012:fault,
  title		= {Fault prediction under the microscope: A closer look into
		  {HPC} systems},
  author	= {Gainaru, Ana and Cappello, Franck and Snir, Marc and
		  Kramer, William},
  booktitle	= {Proceedings of the International Conference on High
		  Performance Computing, Networking, Storage and Analysis
		  ({SC12})},
  pages		= {77},
  year		= {2012}
}

@InProceedings{	  gainaru:2012:taming,
  title		= {Taming of the Shrew: Modeling the Normal and Faulty
		  Behaviour of Large-scale {HPC} Systems},
  author	= {Gainaru, Ana and Cappello, Franck and Kramer, William},
  booktitle	= {Parallel \& Distributed Processing Symposium (IPDPS), 2012
		  IEEE 26th International},
  pages		= {1168--1179},
  year		= {2012},
  organization	= {IEEE}
}

@Article{	  gainaru:2013:failure,
  author	= {Gainaru, Ana and Cappello, Franck and Snir, Marc and
		  Kramer, William},
  title		= {Failure prediction for {HPC} systems and applications:
		  Current situation and open issues},
  volume	= {27},
  number	= {3},
  pages		= {273-282},
  year		= {2013},
  doi		= {10.1177/1094342013488258},
  url		= {http://hpc.sagepub.com/content/27/3/273.abstract},
  journal	= {International Journal of High Performance Computing
		  Applications}
}

@InProceedings{	  gamell:2014:exploring,
  title		= {Exploring automatic, online failure recovery for
		  scientific applications at extreme scales},
  author	= {Gamell, Marc and Katz, Daniel S. and Kolla, Hemanth and
		  Chen, Jacqueline and Klasky, Scott and Parashar, Manish},
  booktitle	= {Proceedings of the International Conference for High
		  Performance Computing, Networking, Storage and Analysis
		  (SC14)},
  pages		= {895--906},
  year		= {2014},
  organization	= {IEEE Press}
}

@InProceedings{	  gamell:2015:failure,
  title		= {Failure Masking and Local Recovery for Stencil-based
		  Applications at Extreme Scales},
  author	= {Gamell, Marc and Teranishi, Keita and Heroux, Michael A.
		  and Mayo, Jackson and Kolla, Hemanth and Chen, Jacqueline
		  and Parashar, Manish},
  booktitle	= {Proceedings of the International Conference for High
		  Performance Computing, Networking, Storage and Analysis
		  (SC15)},
  year		= {2015},
  organization	= {IEEE Press}
}

@Article{	  gartner:1999:fundamentals,
  title		= {Fundamentals of fault-tolerant distributed computing in
		  asynchronous environments},
  author	= {G{\"a}rtner, Felix C.},
  journal	= {ACM Computing Surveys (CSUR)},
  volume	= {31},
  number	= {1},
  pages		= {1--26},
  year		= {1999},
  publisher	= {ACM}
}

@InProceedings{	  gioiosa:2005:transparent,
  title		= {Transparent, incremental checkpointing at kernel level: a
		  foundation for fault tolerance for parallel computers},
  author	= {Gioiosa, Roberto and Sancho, Jose Carlos and Jiang, Song
		  and Petrini, Fabrizio and Davis, Kei},
  booktitle	= {Proceedings of the 2005 ACM/IEEE Conference on
		  Supercomputing},
  pages		= {9},
  year		= {2005},
  organization	= {IEEE Computer Society}
}

@InProceedings{	  giridhar:2013:exploring,
  title		= {Exploring {DRAM} organizations for energy-efficient and
		  resilient exascale memories},
  author	= {Giridhar, Bharan and Cieslak, Michael and Duggal,
		  Deepankar and Dreslinski, Ronald and Chen, Hsing Min and
		  Patti, Robert and Hold, Betina and Chakrabarti, Chaitali
		  and Mudge, Trevor and Blaauw, David},
  booktitle	= {Proceedings of the International Conference on High
		  Performance Computing, Networking, Storage and Analysis},
  pages		= {23},
  year		= {2013},
  organization	= {ACM}
}

@InProceedings{	  glosli:2007:extending,
  title		= {{Extending stability beyond CPU millennium: a micron-scale
		  atomistic simulation of Kelvin-Helmholtz instability}},
  author	= {Glosli, James N. and Richards, David F. and Caspersen,
		  K.J. and Rudd, Robert E. and Gunnels, John A. and Streitz,
		  Frederick H.},
  booktitle	= {Proceedings of the 2007 ACM/IEEE conference on
		  Supercomputing},
  pages		= {58},
  year		= {2007},
  organization	= {ACM}
}

@InProceedings{	  guermouche:2011:uncoordinated,
  author	= {Amina Guermouche and Thomas Ropars and Elisabeth Brunet
		  and Marc Snir and Franck Cappello},
  title		= {Uncoordinated Checkpointing Without Domino Effect for
		  Send-Deterministic Message Passing Applications},
  booktitle	= {Proceedings of the 2011 IEEE International Parallel and
		  Distributed Processing Symposium},
  year		= {2011},
  month		= {May}
}

@InProceedings{	  guermouche:2012:hydee,
  author	= {Amina Guermouche and Thomas Ropars and Marc Snir and
		  Franck Cappello},
  title		= {Hyd{EE}: Failure Containment without Event Logging for
		  Large Scale Send-Deterministic {MPI} Applications},
  booktitle	= {IPDPS},
  year		= {2012},
  pages		= {1216-1227},
  ee		= {http://doi.ieeecomputersociety.org/10.1109/IPDPS.2012.111}
}

@Article{	  gupta:2010:diffengine,
  author	= {Gupta, Diwaker and Lee, Sangmin and Vrable, Michael and
		  Savage, Stefan and Snoeren, Alex C. and Varghese, George
		  and Voelker, Geoffrey M. and Vahdat, Amin},
  title		= {{Difference Engine: Harnessing memory redundancy in
		  virtual machines}},
  journal	= {Commun. ACM},
  volume	= {53},
  number	= {10},
  month		= {October},
  year		= {2010},
  pages		= {85--93},
  publisher	= {ACM},
  address	= {New York, NY, USA}
}

@InProceedings{	  hawkes:2005:direct,
  title		= {Direct numerical simulation of turbulent combustion:
		  fundamental insights towards predictive models},
  author	= {Hawkes, Evatt R. and Sankaran, Ramanan and Sutherland,
		  James C. and Chen, Jacqueline H.},
  booktitle	= {Journal of Physics: Conference Series},
  volume	= {16},
  number	= {1},
  pages		= {65},
  year		= {2005},
  organization	= {IOP Publishing}
}

@Article{	  henson:2002:amg,
  title		= {{BoomerAMG}: A parallel algebraic multigrid solver and
		  preconditioner},
  author	= {Henson, Van Emden and Yang, Ulrike Meier},
  journal	= {Applied Numerical Mathematics},
  volume	= {41},
  number	= {1},
  pages		= {155--177},
  year		= {2002},
  publisher	= {Elsevier}
}

@Book{		  herault:2015:fault,
  title		= {Fault-Tolerance Techniques for High-Performance
		  Computing},
  author	= {Herault, Thomas and Robert, Yves},
  year		= {2015},
  publisher	= {Springer}
}

@TechReport{	  heroux:2009:mantevo,
  author	= "Michael A. Heroux and Douglas W. Doerfler and Paul S.
		  Crozier and James M. Willenbring and H. Carter Edwards and
		  Alan Williams and Mahesh Rajan and Eric R. Keiter and Heidi
		  K. Thornquist and Robert W. Numrich",
  title		= "Improving Performance via Mini-applications",
  institution	= "Sandia National Laboratories",
  year		= {2009},
  number	= "SAND2009-5574"
}

@InProceedings{	  hoefler:2009:group,
  title		= {Group operation assembly language-a flexible way to
		  express collective communication},
  author	= {Hoefler, Torsten and Siebert, Christian and Lumsdaine,
		  Andrew},
  booktitle	= {Parallel Processing, 2009. ICPP'09. International
		  Conference on},
  pages		= {574--581},
  year		= {2009},
  organization	= {IEEE}
}

@InProceedings{	  hoefler:2010:loggopsim,
  author	= {Hoefler, Torsten and Schneider, Timo and Lumsdaine,
		  Andrew},
  title		= {{LogGOPSim} - Simulating Large-Scale Applications in the
		  {LogGOPS} Model},
  year		= {2010},
  month		= {Jun.},
  pages		= {597--604},
  booktitle	= {Proceedings of the 19th ACM International Symposium on
		  High Performance Distributed Computing},
  publisher	= {ACM},
  isbn		= {978-1-60558-942-8}
}

@InProceedings{	  hoefler:2010:characterizing,
  author	= {Hoefler, Torsten and Schneider, Timo and Lumsdaine,
		  Andrew},
  title		= {Characterizing the Influence of System Noise on
		  Large-Scale Applications by Simulation},
  year		= {2010},
  month		= {Nov.},
  booktitle	= {International Conference for High Performance Computing,
		  Networking, Storage and Analysis (SC'10)}
}

@Article{	  holst:1995:birthday,
  author	= {Lars Holst},
  title		= {The General Birthday Problem},
  journal	= {Random Structures and Algorithms},
  year		= {1995},
  volume	= {6},
  number	= {2-3},
  pages		= {201-208}
}

@TechReport{	  hsu:2003:effective,
  author	= {Hsu, Chung-Hsing and Feng, Wu-chun},
  title		= {Efficient dynamic voltage scaling through accurate
		  performance modeling},
  number	= {LA-UR-03-7582},
  year		= {2003},
  institution	= {Los Alamos National Laboratory},
  url		= {http://permalink.lanl.gov/object/tr?what=info:lanl-repo/lareport/LA-UR-03-7582}
}

@Article{	  hsu:2015:when,
  title		= {When will we have an exascale supercomputer?[News]},
  author	= {Hsu, Jeremy},
  journal	= {Spectrum, IEEE},
  volume	= {52},
  number	= {1},
  pages		= {13--16},
  year		= {2015},
  publisher	= {IEEE}
}

@Article{	  huang:1984:algorithm,
  title		= {Algorithm-based fault tolerance for matrix operations},
  author	= {Huang, Kuang-Hua and Abraham, Jacob A.},
  journal	= {Computers, IEEE Transactions on},
  volume	= {100},
  number	= {6},
  pages		= {518--528},
  year		= {1984},
  publisher	= {IEEE}
}

@Article{	  hwang:2012:cosmic,
  title		= {Cosmic rays don't strike twice: understanding the nature
		  of {DRAM} errors and the implications for system design},
  author	= {Hwang, Andy A. and Stefanovici, Ioan A. and Schroeder,
		  Bianca},
  journal	= {ACM SIGPLAN Notices},
  volume	= {47},
  number	= {4},
  pages		= {111--122},
  year		= {2012},
  publisher	= {ACM}
}

@InProceedings{	  ibtesham:2012:viability,
  title		= {On the viability of compression for reducing the overheads
		  of checkpoint/restart-based fault tolerance},
  author	= {Ibtesham, Dewan and Arnold, Dorian and Bridges, Patrick G.
		  and Ferreira, Kurt B. and Brightwell, Ron},
  booktitle	= {Parallel Processing (ICPP), 2012 41st International
		  Conference on},
  pages		= {148--157},
  year		= {2012},
  organization	= {IEEE}
}

@Article{	  ibtesham:2015:checkpoint,
  title		= {A checkpoint compression study for high-performance
		  computing systems},
  author	= {Ibtesham, Dewan and Ferreira, Kurt B. and Arnold, Dorian},
  journal	= {International Journal of High Performance Computing
		  Applications},
  pages		= {1094342015570921},
  year		= {2015},
  publisher	= {SAGE Publications}
}

@InProceedings{	  islam:2012:mcrengine,
  title		= {{McrEngine}: A scalable checkpointing system using
		  data-aware aggregation and compression},
  author	= {Islam, Tanzima Zerin and Mohror, Kathryn and Bagchi,
		  Saurabh and Moody, Adam and De Supinski, Bronis R. and
		  Eigenmann, Rudi},
  booktitle	= {High Performance Computing, Networking, Storage and
		  Analysis (SC), 2012 International Conference for},
  pages		= {1--11},
  year		= {2012},
  organization	= {IEEE}
}

@Article{	  janssen:2012:simulator,
  title		= {A simulator for large-scale parallel computer
		  architectures},
  author	= {Janssen, Curtis L. and Adalsteinsson, Helgi and Cranford,
		  Scott and Kenny, Joseph P. and Pinar, Ali and Evensky,
		  David A. and Mayo, Jackson},
  journal	= {Technology Integration Advancements in Distributed Systems
		  and Computing},
  volume	= {179},
  year		= {2012},
  publisher	= {IGI Global}
}

@InProceedings{	  jaulmes:2015:exploiting,
  author	= {Jaulmes, Luc and Casas, Marc and Moret\'{o}, Miquel and
		  Ayguad{\'e}, Eduard and Labarta, Jes\'{u}s and Valero, Mateo},
  title		= {Exploiting Asynchrony from Exact Forward Recovery for DUE
		  in Iterative Solvers},
  booktitle	= {Proceedings of the International Conference for High
		  Performance Computing, Networking, Storage and Analysis},
  series	= {SC '15},
  year		= {2015},
  isbn		= {978-1-4503-3723-6},
  pages		= {53:1--53:12},
  url		= {http://doi.acm.org/10.1145/2807591.2807599},
  doi		= {10.1145/2807591.2807599},
  acmid		= {2807599},
  publisher	= {ACM},
  address	= {New York, NY, USA}
}

@InProceedings{	  jian:2013:analyzing,
  title		= {Analyzing reliability of memory sub-systems with
		  double-chipkill detect/correct},
  author	= {Jian, Xun and DeBardeleben, Nathan and Blanchard, Sean and
		  Sridharan, Vilas and Kumar, Ravindra},
  booktitle	= {Dependable Computing (PRDC), 2013 IEEE 19th Pacific Rim
		  International Symposium on},
  pages		= {88--97},
  year		= {2013},
  organization	= {IEEE}
}

@InProceedings{	  jian:2013:low,
  title		= {Low-power, low-storage-overhead chipkill correct via
		  multi-line error correction},
  author	= {Jian, Xun and Duwe, Henry and Sartori, John and Sridharan,
		  Vilas and Kumar, Rakesh},
  booktitle	= {Proceedings of the International Conference on High
		  Performance Computing, Networking, Storage and Analysis},
  pages		= {24},
  year		= {2013},
  organization	= {ACM}
}

@InProceedings{	  jiang:2007:optimistic,
  author	= {Jiang, Qiangfeng and Manivannan, D.},
  title		= {An optimistic checkpointing and selective message logging
		  approach for consistent global checkpoint collection in
		  distributed systems},
  booktitle	= { Proceedings of the 2007 IEEE International Parallel and
		  Distributed Processing Symposium },
  month		= mar,
  year		= {2007},
  doi		= {http://dx.doi.org/10.1109/IPDPS.2007.370308},
  issn		= {}
}

@InProceedings{	  johnson:1988:recovery,
  author	= {Johnson, David B. and Zwaenepoel, Willy},
  title		= {Recovery in distributed systems using asynchronous message
		  logging and checkpointing},
  booktitle	= {Proceedings of the seventh annual ACM Symposium on
		  Principles of distributed computing},
  year		= {1988},
  pages		= {171--181},
  isbn		= {0-89791-277-2},
  location	= {Toronto, Ontario, Canada},
  doi		= {http://doi.acm.org/10.1145/62546.62575}
}

@InProceedings{	  kannan:2013:optimizing,
  author	= {Kannan, Sudarsun and Gavrilovska, Ada and Schwan, Karsten
		  and Milojicic, Dejan},
  title		= {Optimizing Checkpoints Using {NVM} as Virtual Memory},
  booktitle	= {Proceedings of the nternational Parallel and Distributed
		  Processing Symposium},
  series	= {IPDPS '13},
  year		= {2013},
  location	= {Boston, Mass., USA},
  publisher	= {ACM},
  address	= {New York, NY,USA}
}

@InProceedings{	  kim:1997:matrix,
  author	= {Youngbae Kim and James S. Plank and Jack J. Dongarra},
  title		= {Fault tolerant matrix operations for networks of
		  workstations using multiple checkpointing.},
  booktitle	= {High Performance Computing on the Information
		  Superhighway. HPC Asia '97},
  month		= {April},
  year		= {1997},
  address	= {Seoul, South Korea},
  pages		= {460--465},
  publisher	= {Los Alamitos, CA, USA : IEEE Comput. Soc. Press, 1997}
}

@InProceedings{	  kim:2014:flipping,
  title		= {Flipping bits in memory without accessing them: An
		  experimental study of {DRAM} disturbance errors},
  author	= {Kim, Yoongu and Daly, Ross and Kim, Jeremie and Fallin,
		  Chris and Lee, Ji Hye and Lee, Donghyuk and Wilkerson,
		  Chris and Lai, Konrad and Mutlu, Onur},
  booktitle	= {Proceeding of the 41st annual international symposium on
		  Computer architecuture},
  pages		= {361--372},
  year		= {2014},
  organization	= {IEEE Press}
}

@InProceedings{	  kim:2015:bamboo,
  title		= {Bamboo {ECC}: Strong, Safe, and Flexible Codes for
		  Reliable Computer Memory},
  author	= {Kim, Jungrae and Sullivan, Michael and Erez, Mattan},
  booktitle	= {High Performance Computer Architecture (HPCA), 2015 IEEE
		  21st International Symposium on},
  year		= {2015},
  organization	= {IEEE}
}

@InProceedings{	  kim:2015:frugal,
  title		= {Frugal {ECC}: efficient and versatile memory error
		  protection through fine-grained compression},
  author	= {Kim, Jungrae and Sullivan, Michael and Gong, Seong-Lyong
		  and Erez, Mattan},
  booktitle	= {Proceedings of the International Conference for High
		  Performance Computing, Networking, Storage and Analysis},
  pages		= {12},
  year		= {2015},
  organization	= {ACM}
}

@Article{	  kleen:2004:mce,
  title		= {Machine check handling on {Linux}},
  author	= {Kleen, Andi},
  journal	= {SUSE Labs},
  year		= {2004},
  url		= {http://halobates.de/mce.pdf}
}

@InProceedings{	  kleen:10:mcelog,
  author	= "Andi Kleen",
  title		= "{mcelog}: memory error handling in user space",
  booktitle	= "Proceedings of Linux Kongress 2010",
  month		= {September},
  year		= 2010,
  address	= "Nuremburg, Germany"
}

@Misc{		  kogge:2008:exascale,
  author	= {Keren Bergman et al},
  editor	= {Peter Kogge},
  title		= {ExaScale Computing Study: Technology Challenges in
		  Achieving Exascale Systems},
  month		= sep,
  year		= {2008}
}

@InCollection{	  kola:2005:faults,
  title		= {Faults in large distributed systems and what we can do
		  about them},
  author	= {Kola, George and Kosar, Tevfik and Livny, Miron},
  booktitle	= {Euro-Par 2005 Parallel Processing},
  pages		= {442--453},
  year		= {2005},
  publisher	= {Springer}
}

@TechReport{	  korn:2002:vcdiff,
  author	= {David G. Korn and Joshua P. MacDonald and Jeffrey C. Mogul
		  and Kiem-Phong Vo},
  title		= {The {VCDIFF} Generic Differencing and Compression Data
		  Format},
  month		= {June},
  year		= {2002},
  number	= {3284},
  institution	= {RFC},
  organization	= {Internet RFC},
  url		= {http://www.rfc-editor.org/info/rfc3284}
}

@Article{	  lamport:1978:time,
  title		= {Time, clocks, and the ordering of events in a distributed
		  system},
  author	= {Lamport, Leslie},
  journal	= {Communications of the ACM},
  volume	= {21},
  number	= {7},
  pages		= {558--565},
  year		= {1978},
  publisher	= {ACM}
}

@article{lamport:1982:byzantine,
  title={The Byzantine generals problem},
  author={Lamport, Leslie and Shostak, Robert and Pease, Marshall},
  journal={ACM Transactions on Programming Languages and Systems (TOPLAS)},
  volume={4},
  number={3},
  pages={382--401},
  year={1982},
  publisher={ACM}
}

@InProceedings{	  lange:2010:palacios,
  author	= {John R. Lange and Kevin T. Pedretti and Trammell Hudson
		  and Peter A. Dinda and Zheng Cui and Lei Xia and Patrick G.
		  Bridges and Andy Gocke and Steven Jaconette and Michael
		  Levenhagen and Ron Brightwell},
  title		= {Palacios and kitten: New high performance operating
		  systems for scalable virtualized and native
		  supercomputing.},
  booktitle	= {Proceedings of the 2010 IEEE International Parallel and
		  Distributed Processing Symposium},
  series	= {IPDPS'10},
  pages		= {1-12},
  year		= {2010}
}

@Article{	  laprie:1985:dependable,
  title		= {Dependable computing and fault-tolerance},
  author	= {Laprie, Jean-Claude},
  journal	= {Digest of Papers FTCS-15},
  pages		= {2--11},
  year		= {1985}
}

@InProceedings{	  levy:2013:evaluating,
  title		= {Evaluating the feasibility of using memory content
		  similarity to improve system resilience},
  author	= {Levy, Scott and Bridges, Patrick G and Ferreira, Kurt B
		  and Thompson, Aidan P and Trott, Christian},
  booktitle	= {Proceedings of the 3rd International Workshop on Runtime
		  and Operating Systems for Supercomputers},
  pages		= {7},
  year		= {2013},
  organization	= {ACM}
}

@InProceedings{	  levy:2014:characterizing,
  title		= {Characterizing the Impact of Rollback Avoidance at
		  Extreme-Scale: A Modeling Approach},
  author	= {Levy, Scott and Ferreira, Kurt B. and Bridges, Patrick
		  G.},
  booktitle	= {Parallel Processing (ICPP), 2014 43rd International
		  Conference on},
  pages		= {401--410},
  year		= {2014},
  organization	= {IEEE}
}

@Article{	  levy:2015:study,
  title		= {A study of the viability of exploiting memory content
		  similarity to improve resilience to memory errors},
  author	= {Levy, Scott and Ferreira, Kurt B. and Bridges, Patrick G.
		  and Thompson, Aidan P. and Trott, Christian},
  journal	= {International Journal of High Performance Computing
		  Applications},
  month		= {February},
  year		= {2015},
  volume	= {29},
  number	= {1},
  pages		= {5--20}
}

@InProceedings{	  li:1990:catch,
  author	= {Chung-Chi Jim Li and W. Kent Fuchs},
  title		= {{CATCH}-compiler-assisted techniques for checkpointing},
  booktitle	= {Fault-Tolerant Computing, 1990. FTCS-20. Digest of
		  Papers., 20th International Symposium},
  month		= {jun},
  year		= {1990},
  volume	= {},
  number	= {},
  pages		= {74--81},
  issn		= {},
  doi		= {10.1109/FTCS.1990.89337}
}

@InProceedings{	  li:2010:realistic,
  author	= {Li, Xin and Huang, Michael C. and Shen, Kai and Chu,
		  Lingkun},
  title		= {A realistic evaluation of memory hardware errors and
		  software system susceptibility},
  booktitle	= {Proceedings of the 2010 {USENIX} conference on {USENIX}
		  annual technical conference},
  series	= {{USENIXATC}'10},
  year		= {2010},
  pages		= {6--6},
  url		= {http://dl.acm.org/citation.cfm?id=1855840.1855846},
  acmid		= {1855846},
  publisher	= {{USENIX} Association},
  address	= {Berkeley, CA, USA}
}

@InProceedings{	  li:2011:system,
  title		= {System implications of memory reliability in exascale
		  computing},
  author	= {Li, Sheng and Chen, Ke and Hsieh, Ming-Yu and
		  Muralimanohar, Naveen and Kersey, Chad D. and Brockman, Jay
		  B. and Rodrigues, Arun F. and Jouppi, Norman P.},
  booktitle	= {Proceedings of 2011 International Conference for High
		  Performance Computing, Networking, Storage and Analysis
		  ({SC11})},
  pages		= {46},
  year		= {2011},
  organization	= {ACM}
}

@InProceedings{	  litvinova:2009:proactive,
  title		= {A proactive fault tolerance framework for high-performance
		  computing},
  author	= {Litvinova, Antonina and Engelmann, Christian and Scott,
		  Stephen L.},
  booktitle	= {Proceedings of the 9th IASTED International Conference},
  volume	= {676},
  number	= {024},
  pages		= {105},
  year		= {2009}
}

@Article{	  mcglaun:1990:cth,
  title		= {{CTH}: A three-dimensional shock wave physics code},
  author	= {McGlaun, J.M. and Thompson, S.L. and Elrick, M.G.},
  journal	= {International Journal of Impact Engineering},
  volume	= {10},
  number	= {1},
  pages		= {351--360},
  year		= {1990},
  publisher	= {Elsevier}
}

@InProceedings{	  monnet:2004:hierarchical,
  title		= {A hierarchical checkpointing protocol for parallel
		  applications in cluster federations},
  author	= {Monnet, S{\'e}bastien and Morin, Christine and Badrinath,
		  Ramamurthy},
  booktitle	= {Parallel and Distributed Processing Symposium, 2004.
		  Proceedings. 18th International},
  pages		= {211},
  year		= {2004},
  organization	= {IEEE}
}

@InProceedings{	  monnet:2004:hybrid,
  title		= {Hybrid checkpointing for parallel applications in cluster
		  federations},
  author	= {Monnet, S{\'e}bastien and Morin, Christine and Badrinath,
		  Ramamurthy},
  booktitle	= {Cluster Computing and the Grid, 2004. CCGrid 2004. IEEE
		  International Symposium on},
  pages		= {773--782},
  year		= {2004},
  organization	= {IEEE}
}

@InProceedings{	  moody:2010:design,
  author	= {Moody, Adam and Bronevetsky, Greg and Mohror, Kathryn and
		  Supinski, Bronis R. de},
  title		= {Design, Modeling, and Evaluation of a Scalable Multi-level
		  Checkpointing System},
  booktitle	= {Proceedings of the 2010 ACM/IEEE International Conference
		  for High Performance Computing, Networking, Storage and
		  Analysis ({SC10})},
  series	= {SC '10},
  year		= {2010},
  isbn		= {978-1-4244-7559-9},
  pages		= {1--11},
  url		= {http://dx.doi.org/10.1109/SC.2010.18},
  doi		= {http://dx.doi.org/10.1109/SC.2010.18},
  acmid		= {1884666},
  publisher	= {IEEE Computer Society},
  address	= {Washington, DC, USA}
}

@TechReport{	  moshovos:2004:hardwarecompress,
  author	= {Andreas Moshovos and Alexandros Kostopoulos},
  title		= {Cost-Effective, High-Performance Giga-Scale
		  Checkpoint/Restore},
  month		= {November},
  year		= {2004},
  institution	= {University of Toronto}
}

@InProceedings{	  mubarak:2012:dragonfly,
  title		= {Modeling a million-node dragonfly network using massively
		  parallel discrete-event simulation},
  author	= {Mubarak, Misbah and Carothers, Christopher D. and Ross,
		  Robert and Carns, Philip},
  booktitle	= {High Performance Computing, Networking, Storage and
		  Analysis (SCC), 2012 SC Companion:},
  pages		= {366--376},
  year		= {2012},
  organization	= {IEEE}
}

@Article{	  mutlu:2015:research,
  author	= {Onur Mutlu and Lavanya Subramanian},
  title		= {Research Problems and Opportunities in Memory Systems},
  journal	= {Supercomputing frontiers and innovations},
  volume	= {1},
  number	= {3},
  year		= {2015},
  issn		= {2313-8734},
  url		= {http://superfri.org/superfri/article/view/30}
}

@InProceedings{	  nair:2013:archshield,
  title		= {ArchShield: Architectural framework for assisting {DRAM}
		  scaling by tolerating high error rates},
  author	= {Nair, Prashant J. and Kim, Dae-Hyun and Qureshi, Moinuddin
		  K.},
  booktitle	= {ACM SIGARCH Computer Architecture News},
  volume	= {41},
  number	= {3},
  pages		= {72--83},
  year		= {2013},
  organization	= {ACM}
}

@Article{	  nair:2016:citadel,
  title		= {Citadel: Efficiently Protecting Stacked Memory from {TSV}
		  and Large Granularity Failures},
  author	= {Nair, Prashant J and Roberts, David A and Qureshi,
		  Moinuddin K},
  journal	= {ACM Transactions on Architecture and Code Optimization
		  (TACO)},
  volume	= {12},
  number	= {4},
  pages		= {49},
  year		= {2016},
  publisher	= {ACM}
}

@Article{	  nelson:1990:fault,
  title		= {Fault-tolerant computing: Fundamental concepts},
  author	= {Nelson, Victor P.},
  journal	= {Computer},
  volume	= {23},
  number	= {7},
  pages		= {19--25},
  year		= {1990},
  publisher	= {IEEE}
}

@InProceedings{	  nicolae:2013:towards,
  title		= {Towards Scalable Checkpoint Restart: A Collective Inline
		  Memory Contents Deduplication Proposal},
  author	= {Nicolae, Bogdan},
  booktitle	= {Parallel \& Distributed Processing (IPDPS), 2013 IEEE 27th
		  International Symposium on},
  pages		= {19--28},
  year		= {2013},
  organization	= {IEEE}
}

@Misc{		  noyes:2012:top500,
  title		= {94 Percent of the World's {Top 500} Supercomputers Run
		  {Linux}},
  author	= {Noyes, Katherine},
  month		= nov,
  year		= {2012},
  howpublished	= {\url{http://www.linux.com/news/enterprise/high-performance/147-high-performance/666669-94-percent-of-the-worlds-top-500-supercomputers-run-linux-}}
}

@Article{	  oh:2002:error,
  title		= {Error detection by duplicated instructions in super-scalar
		  processors},
  author	= {Oh, Nahmsuk and Shirvani, Philip P. and McCluskey, Edward
		  J.},
  journal	= {Reliability, IEEE Transactions on},
  volume	= {51},
  number	= {1},
  pages		= {63--75},
  year		= {2002},
  publisher	= {IEEE}
}

@InProceedings{	  oldfield:2007:modeling,
  author	= {Ron A. Oldfield and Sarala Arunagiri and Patricia J.
		  Teller and Seetharami Seelam and Maria Ruiz Varela and Rolf
		  Riesen and Philip C. Roth},
  title		= {Modeling the Impact of Checkpoints on Next-Generation
		  Systems},
  booktitle	= {24th IEEE Conference on Mass Storage Systems and
		  Technologies},
  month		= sep,
  year		= {2007},
  pages		= {30--46},
  isbn		= {0-7695-3025-7},
  doi		= {http://dx.doi.org/10.1109/MSST.2007.24}
}

@InProceedings{	  plank:1994:faster,
  title		= {Faster checkpointing with {N+1} parity},
  author	= {Plank, James S. and Li, Kai},
  booktitle	= {Fault-Tolerant Computing, 1994. FTCS-24. Digest of
		  Papers., Twenty-Fourth International Symposium on},
  pages		= {288--297},
  year		= {1994},
  organization	= {IEEE}
}

@Article{	  plank:1994:ickp,
  author	= "James S. Plank and Kai Li",
  title		= "ickp: A Consistent Checkpointer for Multicomputers",
  journal	= "Parallel \& Distributed Technology: Systems \&
		  Applications, IEEE",
  year		= "1994",
  volume	= "2",
  pages		= "62--67",
  number	= "2",
  issn		= "1063-6552"
}

@TechReport{	  plank:1995:compresseddiff,
  author	= {James S. Plank and Jian Xu and Robert H. B. Netzer},
  title		= {Compressed Differences: An Algorithm for Fast Incremental
		  Checkpointing},
  month		= {August},
  year		= {1995},
  number	= {CS-95-302},
  institution	= {University of Tennessee},
  url		= {http://web.eecs.utk.edu/~plank/plank/papers/CS-95-302.html}
}

@InProceedings{	  plank:1995:diskless-matrix,
  author	= {James S. Plank and Youngbae Kim and Jack J. Dongarra},
  title		= {Algorithm-based diskless checkpointing for fault tolerant
		  matrix operations.},
  booktitle	= {Twenty-Fifth International Symposium on Fault-Tolerant
		  Computing. Digest of Papers},
  month		= {June},
  year		= {1995},
  address	= {Pasadena, CA, USA},
  pages		= {351--360},
  publisher	= {Los Alamitos, CA, USA : IEEE Comput. Soc. Press, 1995}
}

@Article{	  plank:1998:diskless,
  title		= {Diskless checkpointing},
  author	= {Plank, James S. and Li, Kai and Puening, Michael A.},
  journal	= {Parallel and Distributed Systems, IEEE Transactions on},
  volume	= {9},
  number	= {10},
  pages		= {972--986},
  year		= {1998},
  publisher	= {IEEE}
}

@TechReport{	  plank:1997:overview,
  author	= {James S. Plank},
  title		= {An Overview of Checkpointing in Uniprocessor and
		  Distributed Systems, Focusing on Implementation and
		  Performance},
  month		= {July},
  year		= {1997},
  number	= {UT-CS-97-372},
  institution	= {Department of Computer Science},
  organization	= {University of Tennessee},
  url		= {http://web.eecs.utk.edu/~plank/plank/papers/CS-97-372.ps.Z}
}

@Article{	  plimpton:1995:fast,
  author	= {Plimpton, Steve},
  title		= {Fast Parallel Algorithms For Short-Range
		  Molecular-Dynamics},
  journal	= {{Journal of Computational Physics}},
  volume	= {117},
  number	= {1},
  pages		= {1--19},
  doi		= {10.1006/jcph.1995.1039},
  year		= {1995}
}

@InProceedings{	  pucha:2007:handprints,
  author	= {Himabindu Pucha and David G. Andersen and Michael
		  Kaminsky},
  title		= {Exploiting Similarity for Multi-Source Downloads using
		  File Handprints},
  booktitle	= {Proc. 4th {USENIX} {NSDI}},
  address	= {Cambridge, {MA}},
  month		= apr,
  year		= {2007}
}

@InProceedings{	  quinlan:2002:venti,
  title		= {{Venti}: a new approach to archival storage},
  author	= {Quinlan, Sean and Dorward, Sean},
  booktitle	= {Proceedings of the FAST 2002 Conference on File and
		  Storage Technologies},
  volume	= {4},
  year		= {2002}
}

@InProceedings{	  randell:1975:system,
  title		= {System structure for software fault tolerance},
  author	= {Randell, Brian},
  booktitle	= {ACM SIGPLAN Notices},
  volume	= {10},
  number	= {6},
  pages		= {437--449},
  year		= {1975},
  organization	= {ACM}
}

@InProceedings{	  reis:2005:swift,
  title		= {{SWIFT}: Software implemented fault tolerance},
  author	= {Reis, George A. and Chang, Jonathan and Vachharajani, Neil
		  and Rangan, Ram and August, David I.},
  booktitle	= {Proceedings of the international symposium on Code
		  generation and optimization},
  pages		= {243--254},
  year		= {2005},
  organization	= {IEEE Computer Society}
}

@Article{	  riesen:2009:designing,
  author	= {Rolf Riesen and Ron Brightwell and Patrick G. Bridges and
		  Trammell Hudson and Arthur B. Maccabe and Patrick M.
		  Widener and Kurt Ferreira},
  title		= {Designing and Implementing Lightweight Kernels for
		  Capability Computing},
  journal	= {Concurrency and Computation: Practice and Experience},
  month		= apr,
  year		= {2009},
  volume	= {21},
  number	= {6},
  pages		= {793--817},
  publisher	= {Wiley InterScience},
  doi		= {http://dx.doi.org/10.1002/cpe.v21:6}
}

@TechReport{	  riesen:2010:redundant,
  title		= {Redundant computing for exascale systems},
  author	= {Riesen, Rolf and Ferreira, Kurt and Stearley, Jon and
		  Oldfield, Ron and Laros III, James H. and Pedretti, Kevin
		  and Brightwell, Ron and others},
  year		= {2010},
  institution	= {Technical report SAND2010-8709, Sandia National
		  Laboratories}
}

@InProceedings{	  riesen:2012:alleviating,
  title		= {Alleviating scalability issues of checkpointing
		  protocols},
  author	= {Riesen, Rolf and Ferreira, Kurt and Da Silva, Dilma and
		  Lemarinier, Pierre and Arnold, Dorian and Bridges, Patrick
		  G.},
  booktitle	= {High Performance Computing, Networking, Storage and
		  Analysis (SC), 2012 International Conference for},
  pages		= {1--11},
  year		= {2012},
  organization	= {IEEE}
}

@InCollection{	  ropars:2011:use,
  title		= {On the use of cluster-based partial message logging to
		  improve fault tolerance for {MPI HPC} applications},
  author	= {Ropars, Thomas and Guermouche, Amina and U{\c{c}}ar, Bora
		  and Meneses, Esteban and Kal{\'e}, Laxmikant V and
		  Cappello, Franck},
  booktitle	= {Euro-Par 2011 Parallel Processing},
  pages		= {567--578},
  year		= {2011},
  publisher	= {Springer}
}

@Article{	  sakai:2012:high,
  title		= {High-performance and highly reliable file system for the
		  {K} computer},
  author	= {Sakai, Kenichiro and Sumimoto, Shinji and Kurokawa,
		  Motoyoshi},
  journal	= {FUJITSU Science Technology},
  volume	= {48},
  number	= {3},
  pages		= {302--209},
  year		= {2012}
}

@Article{	  salfner:2010:survey,
  address	= {New York, NY, USA},
  author	= {Salfner, Felix and Lenk, Maren and Malek, Miroslaw},
  journal	= {ACM Comput. Surv.},
  month		= mar,
  number	= {3},
  pages		= {10:1--10:42},
  publisher	= {ACM},
  title		= {A survey of online failure prediction methods},
  volume	= {42},
  year		= {2010}
}

@InProceedings{	  saxena:1998:roar,
  title		= {Dependable adaptive computing systems-the {ROAR} project},
  author	= {Saxena, Nirmal R. and McCluskey, Edward J.},
  booktitle	= {Systems, Man, and Cybernetics, 1998. 1998 IEEE
		  International Conference on},
  volume	= {3},
  pages		= {2172--2177},
  year		= {1998},
  organization	= {IEEE}
}

@TechReport{	  schmitz:2015:rise,
  author	= {Tamara Schmitz},
  title		= {The Rise of Serial Memory and the Future of {DDR}},
  month		= {March},
  year		= {2015},
  number	= {WP456},
  institution	= {Xilinx},
  url		= {url=http://www.xilinx.com/support/documentation/white_papers/wp456-DDR-serial-mem.pdf}
}

@InProceedings{	  schroeder:2007:understanding,
  title		= {Understanding failures in petascale computers},
  author	= {Schroeder, Bianca and Gibson, Garth A.},
  booktitle	= {Journal of Physics: Conference Series},
  volume	= {78},
  number	= {1},
  pages		= {012022},
  year		= {2007},
  organization	= {IOP Publishing}
}

@Article{	  schroeder:2010:large,
  title		= {A large-scale study of failures in high-performance
		  computing systems},
  author	= {Schroeder, Bianca and Gibson, Garth A.},
  journal	= {Dependable and Secure Computing, IEEE Transactions on},
  volume	= {7},
  number	= {4},
  pages		= {337--350},
  year		= {2010},
  publisher	= {IEEE}
}

@InProceedings{	  shafiee:2014:memzip,
  title		= {MemZip: Exploring unconventional benefits from memory
		  compression},
  author	= {Shafiee, Ali and Taassori, Meysam and Balasubramonian,
		  Rajeev and Davis, AK},
  booktitle	= {High Performance Computer Architecture (HPCA), 2014 IEEE
		  20th International Symposium on},
  pages		= {638--649},
  year		= {2014},
  organization	= {IEEE}
}

@InCollection{	  shalf:2011:exascale,
  title		= {Exascale computing technology challenges},
  author	= {Shalf, John and Dosanjh, Sudip and Morrison, John},
  booktitle	= {High Performance Computing for Computational
		  Science--VECPAR 2010},
  pages		= {1--25},
  year		= {2011},
  publisher	= {Springer}
}

@Article{	  shirvani:2000:swedac,
  title		= {Software-implemented {EDAC} protection against {SEU}s},
  author	= {Shirvani, Philip P. and Saxena, Nirmal R. and McCluskey,
		  Edward J.},
  journal	= {Reliability, IEEE Transactions on},
  volume	= {49},
  number	= {3},
  pages		= {273--284},
  year		= {2000},
  publisher	= {IEEE}
}

@InProceedings{	  silva:1994:checkpointing,
  title		= {Checkpointing {SPMD} applications on transputer networks},
  author	= {Silva, Luis M. and Veer, Bart and Silva, Jo{\~a}o G.},
  booktitle	= {Scalable High-Performance Computing Conference, 1994.,
		  Proceedings of the},
  pages		= {694--701},
  year		= {1994},
  organization	= {IEEE}
}

@InProceedings{	  silva:1998:diskless,
  author	= {Luis M. Silva and Jo{\~a}o G. Silva},
  title		= {An experimental study about diskless checkpointing.},
  booktitle	= {24th EUROMICRO Conference},
  month		= {August},
  year		= {1998},
  pages		= {395 -- 402},
  publisher	= {IEEE Computer Society Press}
}

@InCollection{	  simon:2013:barriers,
  title		= {Barriers to Exascale Computing},
  author	= {Simon, Horst D.},
  booktitle	= {High Performance Computing for Computational
		  Science-VECPAR 2012},
  pages		= {1--3},
  year		= {2013},
  publisher	= {Springer}
}

@Article{	  sridharan:2006:reducing,
  title		= {Reducing data cache susceptibility to soft errors},
  author	= {Sridharan, Vilas and Asadi, Hossein and Tahoori, Mehdi B
		  and Kaeli, David},
  journal	= {IEEE Transactions on Dependable and Secure Computing},
  volume	= {3},
  number	= {4},
  pages		= {353--364},
  year		= {2006},
  publisher	= {IEEE}
}

@InProceedings{	  sridharan:2015:memory,
  author	= {Sridharan, Vilas and DeBardeleben, Nathan and Blanchard,
		  Sean and Ferreira, Kurt B. and Stearley, Jon and Shalf,
		  John and Gurumurthi, Sudhanva},
  title		= {Memory Errors in Modern Systems: The Good, The Bad, and
		  The Ugly},
  booktitle	= {Proceedings of the Twentieth International Conference on
		  Architectural Support for Programming Languages and
		  Operating Systems},
  series	= {ASPLOS '15},
  year		= {2015},
  isbn		= {978-1-4503-2835-7},
  pages		= {297--310},
  url		= {http://doi.acm.org/10.1145/2694344.2694348},
  doi		= {10.1145/2694344.2694348},
  acmid		= {2694348},
  publisher	= {ACM},
  address	= {New York, NY, USA}
}

@Book{		  stirzaker:1999:probability,
  author	= {David Stirzaker},
  title		= {Probability and Random Variables: A Beginner's Guide},
  publisher	= {Cambridge University Press},
  year		= {1999}
}

@Article{	  strom:1985:optimistic,
  title		= {Optimistic recovery in distributed systems},
  author	= {Strom, Rob and Yemini, Shaula},
  journal	= {ACM Transactions on Computer Systems (TOCS)},
  volume	= {3},
  number	= {3},
  pages		= {204--226},
  year		= {1985},
  publisher	= {ACM}
}

@TechReport{	  sullivan:2011:containment,
  title		= {Containment Domains: A Full-System Approach to
		  Computational Resiliency},
  author	= {Sullivan, Michael and Yoon, Doe Hyun and Erez, Mattan},
  year		= {2011},
  institution	= {Technical Report TR-LPH-2011-001, Department of Electrical
		  and Computer Engineering The University of Texas at
		  Austin}
}

@InProceedings{	  tikotekar:2007:evaluation,
  title		= {Evaluation of fault-tolerant policies using simulation},
  author	= {Tikotekar, Anand and Vallee, Geoffroy and Naughton, Thomas
		  and Scott, Stephen L. and Leangsuksun, Chokchai},
  booktitle	= {Cluster Computing, 2007 IEEE International Conference on},
  pages		= {303--311},
  year		= {2007},
  organization	= {IEEE}
}

@InProceedings{	  tiwari:2014:lazy,
  title		= {Lazy checkpointing: Exploiting temporal locality in
		  failures to mitigate checkpointing overheads on
		  extreme-scale systems},
  author	= {Tiwari, Devesh and Gupta, Swastik and Vazhkudai,
		  Sudharshan S.},
  booktitle	= {Dependable Systems and Networks (DSN), 2014 44th Annual
		  IEEE/IFIP International Conference on},
  pages		= {25--36},
  year		= {2014},
  organization	= {IEEE}
}

@InProceedings{	  udipi:2012:lot,
  title		= {{LOT-ECC}: localized and tiered reliability mechanisms for
		  commodity memory systems},
  author	= {Udipi, Aniruddha N and Muralimanohar, Naveen and
		  Balsubramonian, Rajeev and Davis, Al and Jouppi, Norman P},
  booktitle	= {ACM SIGARCH Computer Architecture News},
  volume	= {40},
  number	= {3},
  pages		= {285--296},
  year		= {2012},
  organization	= {IEEE Computer Society}
}

@Article{	  waldspurger:2002:vmwareesx,
  author	= {Waldspurger, Carl A.},
  title		= {Memory resource management in {VMware ESX} server},
  journal	= {SIGOPS Oper. Syst. Rev.},
  volume	= {36},
  number	= {SI},
  month		= dec,
  year		= {2002},
  issn		= {0163-5980},
  pages		= {181--194},
  url		= {http://doi.acm.org/10.1145/844128.844146},
  doi		= {10.1145/844128.844146},
  acmid		= {844146},
  publisher	= {ACM},
  address	= {New York, NY, USA}
}

@InProceedings{	  wang:2008:proactive,
  title		= {Proactive process-level live migration in {HPC}
		  environments},
  author	= {Wang, Chao and Mueller, Frank and Engelmann, Christian and
		  Scott, Stephen L.},
  booktitle	= {Proceedings of the 2008 ACM/IEEE conference on
		  Supercomputing},
  pages		= {43},
  year		= {2008},
  organization	= {IEEE Press}
}

@InProceedings{	  white:2011:study,
  author	= {Mark White and Jin Qin and Joseph B. Bernstein},
  title		= {A study of scaling effects on {DRAM} reliability},
  booktitle	= {Reliability and Maintainability Annual Symposium},
  year		= {2011},
  pages		= {1--6},
  doi		= {10.1109/RAMS.2011.5754522},
  masid		= {51040897}
}

@InProceedings{	  widener:2014:exploring,
  title		= {Exploring the effect of noise on the performance benefit
		  of nonblocking allreduce},
  author	= {Widener, Patrick and Ferreira, Kurt B. and Levy, Scott and
		  Hoefler, Torsten},
  booktitle	= {Proceedings of the 21st European MPI Users' Group
		  Meeting},
  pages		= {77},
  year		= {2014},
  organization	= {ACM}
}

@InProceedings{	  widener:2013:asking,
  title		= {Asking the right questions: benchmarking fault-tolerant
		  extreme-scale systems},
  author	= {Widener, Patrick M. and Ferreira, Kurt B. and Levy, Scott
		  and Bridges, Patrick G. and Arnold, Dorian and Brightwell,
		  Ron},
  booktitle	= {Euro-Par 2013: Parallel Processing Workshops},
  pages		= {717--726},
  year		= {2014},
  organization	= {Springer}
}

@PhDThesis{	  wingstrom:2009:overcoming,
  title		= {Overcoming The Difficulties Created By The Volatile Nature
		  Of Desktop Grids Through Understanding, Prediction And
		  Redundancy},
  author	= {Wingstrom, Joshua},
  year		= {2009},
  school	= {Ph. D. thesis, University of Hawai ‘i at Manoa}
}

@InProceedings{	  xia:2012:intranodesharing,
  author	= {Xia, Lei and Dinda, Peter A.},
  title		= {A case for tracking and exploiting inter-node and
		  intra-node memory content sharing in virtualized
		  large-scale parallel systems},
  booktitle	= {Proceedings of the 6th international workshop on
		  Virtualization Technologies in Distributed Computing},
  series	= {VTDC '12},
  year		= {2012},
  isbn		= {978-1-4503-1344-5},
  pages		= {11--18},
  url		= {http://doi.acm.org/10.1145/2287056.2287061},
  doi		= {10.1145/2287056.2287061},
  acmid		= {2287061},
  publisher	= {ACM},
  address	= {New York, NY, USA}
}

@InProceedings{	  xia:2014:concord,
  title		= {{ConCORD}: easily exploiting memory content redundancy
		  through the content-aware service command},
  author	= {Xia, Lei and Hale, Kyle and Dinda, Peter},
  booktitle	= {Proceedings of the 23rd international symposium on
		  High-performance parallel and distributed computing
		  ({HPDC})},
  pages		= {25--36},
  year		= {2014},
  organization	= {ACM}
}

@InProceedings{	  yang:2010:debar,
  title		= {{DEBAR}: A scalable high-performance de-duplication
		  storage system for backup and archiving},
  author	= {Yang, Tianming and Jiang, Hong and Feng, Dan and Niu,
		  Zhongying and Zhou, Ke and Wan, Yaping},
  booktitle	= {Parallel \& Distributed Processing (IPDPS), 2010 IEEE
		  International Symposium on},
  pages		= {1--12},
  year		= {2010},
  organization	= {IEEE}
}

@InProceedings{	  yoon:2010:virtualized,
  author	= {Yoon, Doe Hyun and Erez, Mattan},
  title		= {Virtualized and flexible {ECC} for main memory},
  booktitle	= {Proceedings of the fifteenth edition of {ASPLOS} on
		  Architectural support for programming languages and
		  operating systems},
  series	= {{ASPLOS} '10},
  year		= {2010},
  isbn		= {978-1-60558-839-1},
  pages		= {397--408},
  doi		= {10.1145/1736020.1736064},
  acmid		= {1736064},
  publisher	= {ACM},
  address	= {New York, NY, USA}
}

@Article{	  young:1974:first,
  title		= {A first order approximation to the optimum checkpoint
		  interval},
  author	= {Young, John W.},
  journal	= {Communications of the ACM},
  volume	= {17},
  number	= {9},
  pages		= {530--531},
  year		= {1974},
  publisher	= {ACM}
}

@InProceedings{	  zheng:2004:ftc,
  title		= {{FTC-Charm++}: an in-memory checkpoint-based fault
		  tolerant runtime for {Charm++} and {MPI}},
  author	= {Zheng, Gengbin and Shi, Lixia and Kal{\'e}, Laxmikant V.},
  booktitle	= {Cluster Computing, 2004 IEEE International Conference on},
  pages		= {93--103},
  year		= {2004},
  organization	= {IEEE}
}

@Article{	  zheng:2005:simulation,
  title		= {Simulation-based performance prediction for large parallel
		  machines},
  author	= {Zheng, Gengbin and Wilmarth, Terry and Jagadishprasad,
		  Praveen and Kal{\'e}, Laxmikant V.},
  journal	= {International Journal of Parallel Programming},
  volume	= {33},
  number	= {2-3},
  pages		= {183--207},
  year		= {2005},
  publisher	= {Springer}
}

@InProceedings{	  zhu:2008:diskbottleneck,
  author	= {Zhu, Benjamin and Li, Kai and Patterson, Hugo},
  title		= {Avoiding the disk bottleneck in the data domain
		  deduplication file system},
  booktitle	= {Proceedings of the 6th USENIX Conference on File and
		  Storage Technologies},
  series	= {FAST'08},
  year		= {2008},
  location	= {San Jose, California},
  pages		= {18:1--18:14},
  articleno	= {18},
  url		= {http://dl.acm.org/citation.cfm?id=1364813.1364831},
  acmid		= {1364831},
  publisher	= {USENIX Association},
  address	= {Berkeley, CA, USA}
}

@InProceedings{	  zwaenepoel:1987:sender,
  title		= {Sender-based message logging},
  author	= {Zwaenepoel, Willy and Johnson, David B.},
  booktitle	= {Proceedings of the Seventeenth International Symposium on
		  Fault-Tolerant Computing},
  number	= {LABOS-CONF-2005-064},
  year		= {1987}
}

@Proceedings{	  conf:pvm:2005,
  editor	= {Beniamino Di Martino and Dieter Kranzlm{\"u}ller and Jack
		  Dongarra},
  title		= {Recent Advances in Parallel Virtual Machine and Message
		  Passing Interface, 12th European PVM/MPI Users' Group
		  Meeting, Sorrento, Italy, September 18-21, 2005,
		  Proceedings},
  booktitle	= {PVM/MPI},
  publisher	= {Springer},
  series	= {Lecture Notes in Computer Science},
  volume	= {3666},
  year		= {2005},
  isbn		= {3-540-29009-5}
}

@Proceedings{	  ipdps:2008,
  title		= {22nd IEEE International Symposium on Parallel and
		  Distributed Processing, IPDPS 2008, Miami, Florida USA,
		  April 14-18, 2008},
  booktitle	= {IPDPS},
  publisher	= {IEEE},
  year		= {2008}
}

@Misc{		  app_model-website,
  author	= {\mbox{Sandia National Laboratories}},
  title		= {\texttt{App\_model} - Application Simulator (GPL)},
  month		= {Feb.~10},
  year		= {2014},
  howpublished	= {\url{http://www.cs.sandia.gov/web1400/1400_download.html}}
}

@Misc{		  bsdiff-web,
  author	= {{Colin Percival}},
  title		= {Naive differences of executable code},
  year		= {2010},
  howpublished	= {\url{http://www.daemonology.net/bsdiff/}}
}

@Misc{		  bzip2-web,
  title		= {bzip2},
  howpublished	= {\url{http://bzip.org}}
}

@Misc{		  cxbsdiff-web,
  author	= {Anthony Tuininga},
  title		= {{Cx\underline{ }bsdiff}},
  month		= {February},
  year		= {2006},
  howpublished	= {\url{http://starship.python.net/crew/atuining/cx_bsdiff/index.html}}
}

@Misc{		  exmatex-web,
  author	= {{DoE} Exascale Co-Design Center for Materials in Extreme
		  Environments},
  title		= {{ExMatEx}},
  year		= {2012},
  howpublished	= {\url{http://www.exmatex.org/}}
}

@Misc{		  irs_web,
  author	= {{Lawrence Livermore National Laboratories}},
  title		= {{IRS: Implicit Radiation Solver 1.4 Build Notes}},
  howpublished	= {\url{https://asc.llnl.gov/computing_resources/purple/archive/benchmarks/irs/irs.readme.html}}
}

@Misc{		  lammps_web,
  title		= {{LAMMPS} Molecular Dynamics Simulator},
  author	= {{Sandia National Laboratories}},
  month		= {Apr.~10},
  howpublished	= {\url{http://lammps.sandia.gov}},
  year		= {2013}
}

@Misc{		  loggopsim_web,
  author	= {Torsten Hoefler},
  title		= {{LogGOPSim} - A {LogGOPS (LogP, LogGP, LogGPS)} Simulator
		  and Simulation Framework},
  month		= {Apr.~10},
  year		= {2013},
  howpublished	= {\url{http://www.unixer.de/research/LogGOPSim/}}
}

@Misc{		  lulesh_web,
  title		= {{Co-design at Lawrence Livermore National Lab : Livermore
		  Unstructured Lagrangian Explicit Shock Hydrodynamics
		  (LULESH)}},
  author	= {{Lawrence Livermore National Laboratory}},
  howpublished	= {\url{http://codesign.llnl.gov/lulesh.php}}
}

@TechReport{	  lulesh:spec,
  title		= {{H}ydrodynamics {C}hallenge {P}roblem, {L}awrence
		  {L}ivermore {N}ational {L}aboratory},
  number	= {LLNL-TR-490254},
  location	= {Livermore, CA},
  pages		= {1-17}
}

@Misc{		  lz4-web,
  title		= {Extremely Fast Compression Algorithm},
  howpublished	= {\url{https://github.com/Cyan4973/lz4}}
}

@Misc{		  mira_web,
  title		= {{Argonne Leadership Computing Facility}},
  author	= {{Argonne National Laboratory}},
  howpublished	= {\url{https://www.alcf.anl.gov/user-guides/mira-cetus-vesta}},
  year		= {2015}
}

@Misc{		  samrai_web,
  author	= {{Lawrence Livermore National Laboratories}},
  title		= {{SAMRAI}},
  howpublished	= {\url{https://computation.llnl.gov/casc/SAMRAI/index.html}}
}

@Misc{		  sequoia_web,
  author	= {{Lawrence Livermore National Laboratories}},
  title		= {{ASC Sequoia Benchmark Codes}},
  month		= {August},
  day		= {17},
  year		= {2009},
  howpublished	= {\url{https://asc.llnl.gov/sequoia/benchmarks}}
}

@Misc{		  slub-allocator,
  title		= {{The SLUB allocator}},
  author	= {Corbet},
  month		= apr,
  year		= {2007},
  howpublished	= {\url{http://lwn.net/Articles/229984/}}
}

@Misc{		  snl:2012:kitten,
  author	= {{Sandia National Laboratory}},
  title		= {Kitten Lightweight Kernel},
  month		= {March},
  year		= {2012},
  howpublished	= {\url{https://software.sandia.gov/trac/kitten}},
  day		= {10}
}

@Misc{		  snl:2010:mantevo,
  author	= {{Sandia National Laboratory}},
  title		= {Mantevo Project Home Page},
  month		= {Apr.~10},
  year		= {2010},
  howpublished	= {\url{https://software.sandia.gov/mantevo}},
  day		= {6}
}

@Misc{		  sstmacro_web,
  title		= {{SST}: The Structural Simulation Toolkit},
  year		= {2011},
  howpublished	= {\url{http://sst.sandia.gov/about_sstmacro.html}}
}

@Misc{		  top500,
  title		= {{Top 500 Supercomputer Sites}},
  url		= {http://www.top500.org/},
  note		= {\url{http://www.top500.org/} (visited March 2012)}
}

@Misc{		  top500_nov14,
  title		= {{November 2015 | TOP500 Supercomputer Sites}},
  url		= {http://www.top500.org/lists/2015/11/},
  note		= {\url{http://www.top500.org/} (visited December 2015)}
}

@Misc{		  trinity_web,
  title		= {Trinity},
  author	= {{Los Alamos National Laboratory}},
  howpublished	= {\url{http://www.lanl.gov/projects/trinity/}},
  year		= {2015}
}

@Misc{		  xdelta-web,
  author	= {{Josh Macdonald}},
  title		= {Xdelta},
  month		= {January},
  year		= {2013},
  howpublished	= {\url{http://xdelta.org}}
}
